<?xml version="1.0" encoding="UTF-8"?><collection xmlns="http://www.loc.gov/MARC21/slim"><record><leader>00524nam--2200181-u-4500</leader><controlfield tag="001">000054686</controlfield><controlfield tag="002">20161230</controlfield><controlfield tag="005">20161230201051</controlfield><controlfield tag="008">120517s1000------------r-----000-0-eng-d</controlfield><datafield ind1=" " ind2=" " tag="020"><subfield code="a">0080213448</subfield></datafield><datafield ind1=" " ind2=" " tag="040"><subfield code="a">IFIN-HH</subfield></datafield><datafield ind1=" " ind2=" " tag="080"><subfield code="a">539.163:621.039.85</subfield></datafield><datafield ind1="1" ind2=" " tag="100"><subfield code="a">Welch, Michael J</subfield></datafield><datafield ind1="1" ind2="0" tag="245"><subfield code="a">Radiopharmaceuticals and other compounds labelled with short-lived radionuclides</subfield><subfield code="c">Michael j. welch (ed.)</subfield></datafield><datafield ind1=" " ind2=" " tag="260"><subfield code="a">Oxford</subfield><subfield code="b">Pergamon Press</subfield><subfield code="c">1977</subfield></datafield><datafield ind1=" " ind2=" " tag="300"><subfield code="a">246P</subfield></datafield><datafield ind1=" " ind2=" " tag="852"><subfield code="a">46010</subfield><subfield code="c">539.163</subfield></datafield><datafield ind1=" " ind2=" " tag="CAT"><subfield code="a">Sys</subfield><subfield code="c">20120517</subfield><subfield code="h">212853</subfield></datafield></record></collection>